<record><leader>00000cas a22000007a 4500</leader><controlfield tag="001">11832523</controlfield><controlfield tag="008">850321d18901896iauwn ne      0    0eng d</controlfield><datafield ind1=" " ind2=" " tag="010"><subfield code="a">sn 85050775 </subfield></datafield><datafield ind1=" " ind2=" " tag="040"><subfield code="a">INP</subfield><subfield code="b">eng</subfield><subfield code="c">INP</subfield><subfield code="d">OCL</subfield><subfield code="d">OCLCQ</subfield><subfield code="d">OCLCO</subfield><subfield code="d">OCLCA</subfield></datafield><datafield ind1="1" ind2=" " tag="029"><subfield code="a">AU@</subfield><subfield code="b">000025786774</subfield></datafield><datafield ind1=" " ind2=" " tag="042"><subfield code="a">msc</subfield></datafield><datafield ind1="0" ind2="4" tag="245"><subfield code="a">The I.A.C. student.</subfield></datafield><datafield ind1="3" ind2="0" tag="246"><subfield code="a">IAC student</subfield></datafield><datafield ind1="3" ind2="0" tag="246"><subfield code="a">Student</subfield></datafield><datafield ind1="1" ind2="3" tag="246"><subfield code="a">Weekly student</subfield></datafield><datafield ind1=" " ind2=" " tag="260"><subfield code="a">Ames, Iowa :</subfield><subfield code="b">I.A.C. Student,</subfield><subfield code="c">1890-1896.</subfield></datafield><datafield ind1=" " ind2=" " tag="300"><subfield code="a">8 v. :</subfield><subfield code="b">ill. (chiefly advertisements)</subfield></datafield><datafield ind1=" " ind2=" " tag="310"><subfield code="a">Weekly during the college year,</subfield><subfield code="b">June 20, 1893-Nov. 10, 1896</subfield></datafield><datafield ind1=" " ind2=" " tag="321"><subfield code="a">Fortnightly during the college year,</subfield><subfield code="b">Aug. 7, 1890-May 27, 1893</subfield></datafield><datafield ind1="0" ind2=" " tag="362"><subfield code="a">Vol. 1, no. 1 (Aug. 7, 1890)-v. 8, no. 31 (Nov. 10, 1896).</subfield></datafield><datafield ind1=" " ind2=" " tag="500"><subfield code="a">Published for students, faculty, alumni, and friends of Iowa Agricultural College, (Called, -Nov. 10, 1896, Iowa State College of Agriculture and the Mechanic Arts).</subfield></datafield><datafield ind1="2" ind2=" " tag="710"><subfield code="a">Iowa Agricultural College.</subfield></datafield><datafield ind1="2" ind2=" " tag="710"><subfield code="a">Iowa State College.</subfield></datafield><datafield ind1=" " ind2=" " tag="752"><subfield code="a">United States</subfield><subfield code="b">Iowa</subfield><subfield code="c">Story</subfield><subfield code="d">Ames.</subfield></datafield><datafield ind1="0" ind2="0" tag="785"><subfield code="t">Student (Ames, Iowa)</subfield><subfield code="w">(DLC)sn 85050776</subfield></datafield></record>